1505 2180
112 450 206 98 IN

370 445 117 72 D-

523 441 269 89 PAV

814 443 147 76 LI

332 532 427 67 APOSTLI

303 595 518 91 priorem ad Timotheum

416 673 251 86 Epistolam

298 775 487 71 L. Danaei Commentarius.

318 833 490 73 CAP. PRIMUM.

299 895 680 80 AVLS Apostolus Iesu

298 959 674 80 et Christi ex ordinatione Dei ser

238 1020 748 70 uatoris nostri, et Domini Iesu

116 1060 216 95 p

372 1071 373 80 Christi, spei nostrae.

159 1173 820 67 Paulinarum Epistolarum genus est duplex, v¬

110 1231 871 57 num earum, quae ad Ecclesias totas scriptae sunt.

112 1275 871 63 Alterum earum quae ad Particulares quasdam per

112 1324 876 63 sonas quae erant, vel Ecclesiasticae, uti utraque ad

121 1371 867 62 Timoth. et una ad Titum. vel Priuatae, ut ea quae

116 1426 870 54 est ad Philemonem. Nam quae circunferuntur

116 1471 869 62 Pauli Epistolae ad Senecam et contra, sunt fictae

119 1518 862 66 et ementitae Quanto vero est dignior, qui Ec¬

114 1575 871 58 clesiae praeest priuato homini, ita uberiora et lo¬

112 1622 874 63 cupletiora sunt earum Epistolarum argumenta,

118 1665 870 62 quae ad praefectos Ecclesiae scriptae sunt (quales

118 1716 870 64 sunt illae quae ad Timotheum, et Titum, quae

114 1763 874 77 pene sunt paris argumenti) quam earum, quae ad

756 1816 69 60 a. j.

921 156 53 49 1
