1505 2180
508 121 31 58 2

499 181 175 64 priuatos.

545 216 823 72 Quae fuerit autem huius Epistolae ad Timo¬

501 272 871 67 theum scribendae ratio, et occasio facile ex ipso

501 327 871 59 Paulo versus intelligitur, nimirum, quod iam qui¬

503 374 874 62 dam sanam Euangelii doctrinam, ab ipso Paulo

503 416 871 69 et aliis Fidelibus Christi Ministris traditam, et

501 468 873 67 explicatam varie corrumperent tum in Substan¬

501 515 871 69 tia ipsa et doctrina, tum in Modo et forma illius tra¬

503 568 871 71 dendae. Cui malo ut mature occurreret Paulus,

510 619 864 65 Timotheum monet quid opus sit facto, non tam

503 663 862 69 ipsius quidem gratia, quam aliorum, id est, isto¬

501 719 836 63 rum doctrinam veram et sanam deprauantium.

552 763 820 65 Quando scripta fuerit infra cap. hoc ipso verso.

510 810 867 69 3. Vnde scripta sit in fine huius Epiſtolae dicetur,

501 870 327 58 Domino fauente.

550 904 820 73 Diuiditur autem totum corpus, et £££££££¬

501 955 862 73 huius Epiſtolae in duas tantum partes, nempe, Sa

499 1002 866 71 Iurationem, et argumenti suscepti tractationem.

505 1060 867 64 Epilogo enim,id est, postrema illa parte caret, in

501 1108 904 72 qua variae salutationes esse solent, quae in aliis tamen

501 1155 902 73 Epistolis extant, quae hoc loco non erant neces¬

501 1208 116 69 sariae.

547 1255 816 67 Salutatio autem haec tria continet ubique, ni¬

634 1313 280 58 (Quis scribat

501 1351 525 73 mirum  Ad quem scribatur

643 1404 445 60 (Summam precationis

501 1460 505 53 Ergo quaeritur, quis seribat?

647 1504 521 63 ( Paulus, personam designat

505 1547 765 66 Sc ibit  Apostolus, munus suum describit

643 1598 731 60 (Plus est enim dixisse Apostolum, quam

501 1647 869 73 seruum Dei simpliciter, quod alibi facit. Chry¬

499 1702 364 61 sosto. hoc annotat,

548 1747 824 67 Apostolum autem se vocat, et Iesu Christi:non

1185 1809 185 49 hominum

667 114 558 76 AD I. PAVL. AD TIM.
