1505 2180
123 223 871 60 hominum: in quo est commendatio muneris. Ni¬

125 274 863 62 hil enim nisi apprime salutare habet legatio et

130 321 862 62 munus huiusmodi et a Christo demandatum et

127 370 865 66 Dei ipsius ordinatione siue decreto. In quo inest

127 423 867 60 confirmatio huius muneris. In hac autem statim

127 466 865 69 epigraphe apparet tum summum amoris Pauli

127 525 865 52 erga Timotheum et luculentissimum testimo¬

123 568 865 64 nium:tum illius muneris et Apostolatus firmamen¬

123 612 863 67 tum maximum. Quod non ipsius quidem Timo¬

129 663 863 65 thei gratia fit, sed aliorum, quos admoniturus e¬

125 715 865 58 rat Timotheus, nec quidem tam suo, quam Pau¬

123 764 867 69 Ii nomine et authoritate. Itaque hanc authorita¬

123 824 865 53 tem assertam prius confirmatamque esse opor¬

125 859 867 58 tuit. Deinde ipsius quoque Timothei et confir¬

123 908 865 65 mandi et commendandi apud Ecclesiam causa

127 959 863 61 qui a Paulo missus erat, hoc additum est, quo

127 1002 861 69 iustior ipsius vocatio appareat, Pauli vocatione

129 1051 863 66 semel stabilita, etsi de ea Ephesii incerti esse non

134 1108 854 63 potuerunt, inter quos vixit per biennium Paulus.

130 1153 860 65 Nihil autem hoc loco fit a Paulo ostentationis

129 1200 856 64 et iactantiae animo, sed quod muneris autho¬

127 1249 863 66 ritatem defendi aduersus quorundam impostorum

123 1295 865 72 calumnias oportuit, vidit que pro temporis cir¬

123 1347 865 60 cunstantia esse necesse. Caeterum docet hic lo¬

127 1395 861 72 cus a quo mitti debeamus et vocari,nempe a Deo.

125 1446 858 65 Nemo enim usurpat sibi honorem Hebr. 5.V.4.

125 1493 861 76 etsi non omnes extraordinarie (uti Paulus) vo¬

129 1542 125 63 cantur.

172 1582 816 80 Finem autem, et caussam tanti Dei beneficii

125 1640 854 71 erga homines ostendit, dum appellat Deum ser¬

125 1691 865 67 uatorem. Quia enim Deusnos seruare vult, etiam

127 1738 861 67 mittit ad nos, qui ipsius Euangelium et volun¬

125 1787 858 91 tatem annuntient. Psal.74. Luc 13 vers.34. id est,

434 174 289 49 CAPVT I.

765 1843 38 77 a. ii
