1505 2180
474 136 47 72 AD I. PAVL. AD T.

476 185 685 76 qui istius viam salutis exponant nobis.

479 245 862 58 Vocat autem Patrem seruatorem vuti Tit I.vers.3

474 283 872 78 et 2.vers 10 et Christum spem nostram. Vti enim

476 341 863 56 Pater dedit Filium, per quem seruamur. Ioan.3.V.

474 383 867 65 16.ita Filius est fundamentum spei et salutis nostrae,

476 434 867 63 vt cum haec Patri et Filio communiter tribuun¬

478 483 865 63 tur, intelligamus esse indiuisa Trinitatis opera, et

483 534 856 61 tres personas paris, non autem dissimilis maie¬

476 583 870 67 statis et potestatis. Hec breuius persequor, quia

474 634 545 63 a multis copiose tractata sunt.

610 697 724 69 Timotheo germano filio in fide. Gra¬

476 748 867 69 tia sit tibi misericordia et pax a Deo Patre

481 808 760 74 nostro, et Chriſto Iesu Domino nostro

527 866 818 58 Timotheus quis fuerit apparet ex Act. 16. et

485 910 854 71 variis Epistolarum Pauli locis: Hunc autem vocat et

481 959 862 71 Filium in fide, vt distinguat a carnali filio: et

481 1017 867 58 Germanum. i. verum et referentem veros mores

481 1059 864 61 Patris Pauli: non igitur fuit hypocrita et fictitius,

487 1109 854 60 vt hodie multi qui magnorum Dei ſeruorum et

483 1159 867 69 filii sunt et discipuli. Quod vtrunque pertinet ad

490 1209 622 55 Timothei laudem et imitationem.

527 1253 819 65 Sic Titum appellat Filium Tit.1V 3 et Corin¬

479 1304 871 67 thios quoque I Corinth. 4. vers.I4. Tamen obstat

481 1353 865 60 quod ait Christus Math 23.vers.9. et Hebr. 12.V.9

483 1404 862 62 Vnus est Pater animorum, nempe, Deus. Resp.

485 1449 861 67 Verum est per se et proprie unicum esse animo¬

478 1502 872 54 rum nostrorum Patrem, nimirum Deum ipsum:

474 1545 872 62 sed communicatione quadam, et quatenus homi¬

476 1596 872 60 nes sunt huius nostrae in fide et Ecclesia Dei ge¬

476 1651 872 58 nerationis, aut potius regenerationis instrumenta,

479 1698 869 64 vox ipsa Patris benigne illis a Deo communicatur,

494 1745 852 84 uti et Patribus carnalibus eadem vox Patris. Plus

634 127 518 71 autem

1226 1800 122 74 4
