1505 2180
125 210 871 62 autem debemus Patribus qui nos in Dei metu

127 265 865 60 instruunt, quam qui nos tantum corpore gignunt.

127 308 865 64 Nec quod pastores dicantur patres nostri in fide

123 361 869 60 excusat patres ipsos corporum et carnales, quo

127 408 874 60 minus instituant liberos suos in vero Dei metu

127 455 870 62 et pietate Deut 4. vers.II. et II.V.I9 ſed differentia

123 508 871 62 tamen ostenditur inter vtrunque genus patrum,

125 555 871 75 quorum alii sunt nobis tantum spirituales Patres,

125 617 314 53 alii sunt carnales.

174 644 823 77 Filii autem dicuntur, ait Augustinus contra

129 706 525 62 Adimantum cap.5. ( Natura

405 746 291 66 aut ( Doctrina

503 792 222 72 (Imitarione

127 841 869 69 Hic et doctrinae et imitationis ratione Timo¬

123 891 874 70 theus filius dicitur, non tantum aetatis, ut tamen

127 944 854 69 putat Erasmus. Salutatio est in his verbis posita

130 1000 133 55 Gratia

387 997 525 56 ( et haec ( Deo Patre nostro

127 1040 438 69 Misericordia (omnia (

130 1100 80 55 Pax

421 1093 51 56 a

534 1077 458 74 (Domino Iesu Christo.

127 1137 863 63 Misericordia addita est hic, uti in Epistola ad Ti¬

127 1199 865 59 tum, praeter stylum et communem morem Pauli,

125 1238 861 66 quo magis suum erga Timotheum amorem te¬

123 1291 869 62 staretur, et se miro erga eum affectu impelli et

121 1337 867 60 affici ostenderet. Recto autem ordine et natura¬

123 1389 863 62 Ii utitur in his enumerandis Paulus, et progredi¬

127 1435 858 61 tur a causis ad effecta. Est enim gratia causa mi¬

127 1482 865 63 sericordix, ut misericordia ipsa causa pacis no¬

123 1538 869 58 stræ. Est igitur gratia gratuita nostri acceptatio,

123 1582 871 67 quae fit a Deo, quam sequitur misericordia, id est,

123 1633 874 58 peccatorum nostrorum remissio. Itaque vocem

125 1685 872 64 misericordiae hic passiue pro effecto, quod in

125 1727 869 82 nobis apparet: non autem actiue in Deo accipi¬

130 1782 84 65 mus

741 1820 73 74 a.iii.

979 158 27 70 5

447 145 176 65 CAPVT

645 172 20 31 I.
