1505 2180
478 161 34 42 6

630 128 558 57 AD I.  P AVL. AD TIM.

510 183 836 62 Author autem tot et tantorum donorum est

468 239 878 53 Deus Pater noster, in et per Christum Dominum

470 279 875 66 nostrum, in quo omnes Dei promissiones et be¬

468 328 522 75 neficia sunt, Amen et Etiam

534 432 33 73 3

588 428 757 71 Quemadmodum te sum precatus ut

472 492 873 72 permaneres Ephesi, quum proficiscerer in

476 548 870 67 Macedoniam, permaneto, vt denunties qui¬

468 597 818 76 busdam ne diuersam doctrinam doceant:

516 672 829 67 Secunda pars huius Epistolae sequitur, in qua

468 721 875 58 de re ipsa et argumento est agendum. Primum autem

467 777 876 58 occasionem scribendi narrat, deinde rem ipsam

468 815 871 67 aggreditur Paulus. Ex ipsa vero disputatione ap¬

470 868 871 62 paret magnam partem esse hanc epistolam ££££££

470 915 871 62 £££££££ et ££££ £££££££. Constat autem sex capitibus,

470 962 862 58 quorum summa breuiter hac nostra tabula com¬

470 1011 869 68 prehensa est. In summa in hac Epistola plena mi¬

470 1057 864 62 nisterii Euangelici descriptio continetur, et disci¬

468 1108 867 67 plinae Ecclesiasticae institutio explicatioque. Nam

470 1169 867 60 quae ad particulares quaestiones pertinent, sunt que

468 1208 869 72 scitu necessaria videntur a Paulo tradita in Epi¬

467 1257 376 67 stola ad Corinthios.

1148 1357 195 69 Continet
