1505 2180
628 588 606 84 AD LECTOREM.

561 673 804 102 Quod saepius, Lector optime, iuris Pontificii cano¬

508 739 855 83 nes, et Gratiani Decretum citauimus, ea solum mente

514 792 838 78 fecimus, vt ex his tanquam ex quadam illius tempori

505 839 865 80 historia, qua veteris Diſciplinae Ecclesiasticae vestigia

508 886 844 73 tunc adhuc (et si tamen corruptioribus iam Ecclesiae te¬

510 937 860 80 poribus) restarent, intelligatur: non vt ex istis scripto¬

507 982 870 84 ribus quicquam dubium et anceps decidatur. Nam

508 1035 862 76 etiam ex hoc ipso perspicient omnes, quantum poste¬

505 1079 870 83 riori aetate Romana Ecclesia etiam ab eo tantillo (quod

507 1135 867 69 veteris diſciplinae reliquum erat) discesserit: et in

510 1180 853 77 quam miseram horribilemque tyrannidem et confu¬

508 1231 860 82 sionem iam, iusto Dei iudicio, inciderit, vt ab ea nos

508 1277 867 85 summo Dei Optimi Maximi beneficio liberatos esse

505 1342 794 78 letemur, Deoque ipsi perpetuo gratias agamus.
