1505 2180
125 196 867 80 ILLVSTRISSIMOET PO¬

159 276 753 90 TENTISSIMO PRINCIPI

201 348 686 71 ac domino D. Gulielmo Principi

234 397 647 80 Auraico Comiti Nassaeuaeo etc.

241 455 629 82 Christi gloriae assertori in Hol¬

301 514 491 78 landia et Zelandia for¬

350 570 362 69 tissimo, Gratiam

388 628 313 78 et pacem a Do¬

483 692 134 69 mino.

236 797 740 82 Etus est illud, Princeps Illu¬

270 868 707 76 strissime, etiam ab Aristotele

327 922 654 75 usurpatum, Nihil esse in ipsa

116 941 232 101 V

361 981 616 78 rerum universitate pulchrius

114 1035 865 78 ordine. Quid enim vel oculis iucundum, vel

110 1099 867 65 menti etiam ipsi et animo hominis gra¬

112 1149 864 82 tum obversari potest, quod sit confusum,

107 1209 865 69 et nulla partium apta separatione distin¬

105 1266 869 71 ctum? Certe quocunque non tantum ocu¬

103 1327 869 71 Ios, sed omnes animisensus converterimus,

107 1386 865 69 si quae in eos incurrunt, neque ordine di¬

110 1436 855 79 gesta, neque apto siru inter se coherentia,

107 1504 863 63 neque conuenienti loco et modo collo¬

107 1551 861 74 cata a nobis apparebunt: ea neque utilita¬

103 1615 869 67 tem, neque venustatem aliquam habere

105 1667 863 75 statim pronuntiabimus, tantumque ab il¬

105 1729 865 74 lis oculorum, animique intuitum aver¬

703 1789 118 80 p ij.
