1505 2180
777 163 268 49 EPISTOLA

496 203 869 74 Sic illa eiusdem verbi Dei pars, quae disci¬

496 256 867 76 plinae Ecclesiasticae praecepta tradit, hu¬

496 319 869 71 ius Ecclesiae, velut corporis iam suis

494 372 869 73 membris constantis, sed nudi vestimentum,

494 437 869 68 cultum, et ornamentum compingit et

494 494 871 69 consarcinat, quo decore vestiri possit, vt

498 546 867 68 ex eo quanta sit vtriusque, id est, doctrinae

498 601 867 67 et disciplinae Ecclesiae inter se consensio

499 661 866 74 coniunctioque, satis iam intelligi possit. Erit

499 719 866 63 enim coetus hominum, etiam eorum, qui

503 775 858 69 puram Dei praedicationem amplexi sunt,

501 828 858 67 velut nudum quoddam, et suis ornamen.

501 886 854 67 tis carens, et destitutum corpus, nisi disci

501 941 867 74 plinam Ecclesiasticam ad veritatis lucem

501 999 867 67 et professionem adiunxerit. Denique illa

501 1053 864 73 eadem disciplina recte custos ipsius fidei,

501 1111 864 68 doctrinae, mater virtutum, vinculum ho¬

501 1171 869 66 nestatis, neruus societatis Christianae a

501 1226 867 67 Patribus Ecclesiasticis appellatur : cuius

501 1284 869 71 certe tanta vis est, vt sola illud conciliet

507 1342 863 69 Ecclesiae, quod decorum, venustatem,

505 1397 863 76 splendorem, et ornamentum appellamus.

503 1453 863 67 adeoque speciosam eam reddat, vt ab hae¬

503 1509 869 67 reticis (qui istius disciplinae fuerunt sem¬

505 1565 869 75 per hostes maximi et infestissimi) inuidio¬

507 1625 863 71 so nomine lenocinium vt ait Tertull.

507 1682 865 71 Ecclesiastica disciplina diceretur. Cum

503 1736 863 91 sit igitur haec disciplina illa iustitia

1266 1825 102 49 pars.
