1128 1876
330 125 729 65 IN EPISTOLAM AD EPHESIOS

259 187 829 66 gnitudo uirtutis Dei, qua ad eam uindicantur. Adeoni¬

256 240 828 67 hil horum cogitare potest cor humanum, omnia ſunt ſpi¬

258 290 389 57 ritus & reuelationis Dei¬

308 340 777 63 Diligenter uero animaduertendum, quæ charißimis

253 387 829 66 ſibi Epheſijs Paulus quo nemo bonorum certior æſtima¬

256 439 828 61 tor fuerit, potiß- precetur, indubie quæ agnouit omnium

251 486 825 70 optima Nihil igitur conferendũ, iuſtæ cognitioni Chriſti,

251 537 828 64 & agnitioni bencuolentiæ Dei, quæ in eo nobis exhibita

251 586 822 70 eſt, quod in filios illi & hæredes cooptati ſumus iſta utiq;

251 637 828 63 recte pernouiſſe efficit, ut tanquã ſtercora præ eis omnia

253 690 821 63 mundi contemnamus, totiq; ad imitationem Dei, per ab¬

251 739 822 58 ſolutißimam in omnes beneficentiam, rapiamur. Quæ de

255 797 819 61 niq; qui tenuiter pernouerit, in eo & reliqua pietatis o¬

255 850 280 53 mnia ieiuna erunt.

286 884 785 68 Vnde aperto apertius eſt, eos ab omniratione pietatis

251 936 814 66 alienos adhuc eſſe, quibus quamlibet copioſa Euangelij

253 989 817 64 prædicatio, non dico nimia, ſed uel ſatis eſſe uidetur.

251 1042 817 61 Omniautiq; mala & perdita in nobis erunt, donec Dei

253 1091 815 59 amore cor arſerit, hoc uero igni quis demum ardeat,

251 1138 820 70 ſi D E I erga ſe bonitatem, non dum ſatis cognitam

253 1191 125 54 habeat?

253 1238 813 64 Notandum ſimul, cum multi de multa ſapientia, &

251 1289 814 60 reuelatione glorientur, quæ ſit uere optanda ſapiẽtia &

251 1339 820 66 reuelatio, nimirũ qua cognoſcitur Chriſtus, qua quãta ſit

245 1386 826 64 hæreditas nobis promiſſa, agnoſcitur, hinc ſolũ rectũ de

242 1438 824 64 rebus cunctis iuditium, & animus honeſti amans pro¬

239 1485 834 86 uenit Adhunc lydium lapidem exigantur, quæ ſubinde à

943 1536 119 82 pleriſq;

82 464 157 81 Nihil opta¬

79 531 160 56 bilius co¬

81 584 158 58 gnitione

84 634 125 61 gratiæ

81 683 89 68 Dei.

81 884 141 60 Gratia

78 928 161 69 Dei nimiũ

79 986 160 62 prædicari

76 1034 163 71 nõ poteſt

82 1241 157 62 Quæ re¬

79 1291 160 59 uelationes

78 1341 161 72 probæ
