6000 9420
3376 7842 927 416 Deinde

4044 478 353 299 111

738 384 2858 416 PAVLI AD EPHES.

408 816 3982 353 luti uni imperatori Chriſto nomẽ de¬

408 1169 3982 385 diſtis, concordiã quoq; inter cõmilito

416 1515 3966 384 nes uigere cõuenit. Quid ſit baptiſmus

400 1829 3982 384 & quot Chriſtianorum ſacramenta

376 2158 3974 432 ſint, lege Zuinglij felicis memoriæ li¬

384 2488 3401 432 bellum de uera & falſa religione.

1052 2920 2317 306 Vnus deus, & pater omnium.

730 3171 3612 369 Sextu argumentu. Quu uno, & e¬

400 3508 3942 330 odẽ deo omniũ rerũ autore, condito¬

384 3846 3943 361 re, & parẽte gaudeatis: par erit, ut ſpi¬

369 4152 3966 377 ritus quoq; ab illo, & filio ſuo procedẽ¬

361 4505 3966 354 tis unitatẽ ſeruetis Hinc primũ doce¬

361 4827 3934 393 bis, quod cum deus omnia creauerit,

345 5173 3966 369 ipſe increatus: & ab humano captu im

376 5502 3959 377 perueſtigabilis ſit, eius initiũ, & finem

337 5824 3998 393 non inueſtigandum eſſe: atque illud

345 6146 3966 400 Socratis: Quæ ſupranos, nihil ad nos.

337 6452 3990 440 Itẽ illud Pauli: Non oportet plus ſape¬

329 6837 3990 392 re, quã par ſit. Sempin ore, & in pecto

329 7151 3982 408 re habendũ, id qđ & Lactãtius libro 2.

329 7512 3958 526 de origine erroris, capite5. admonet.
