6000 9420
801 549 2772 345 PAVLI AD EPHES.

3863 478 330 361 117

188 910 3997 400 am ſcripturæ teſtimonio probauit, cõ¬

188 1193 4005 439 modiſſima occaſione à Chriſti aſcenſi¬

188 1577 3997 424 one cœpta, illius quoq; mortẽ & reſur¬

196 1884 4052 416 rectionem deſcribit: idq́; duobus potiſ¬

196 2213 4052 416 ſimum nominibus. Primum ut Chriſti

196 2551 4021 447 humilitate, & ſubmiſſione Epheſijs ob

204 2896 4013 424 oculos poſita, eoſdem ad ſui deiectio¬

204 3226 4005 447 nem adhortaretur, ſicut & ad Philipen

204 3571 3989 385 ſes ſecundo facit. Deinde ut doceret,

212 3901 3981 408 Chriſti humanitatem, diuinitati tum

212 4231 3989 424 coadunatã intellige, cœlos aſcendiſſe.

212 4568 4005 432 Siquidem iuxta diuinitatem ubiq; ſem

235 4914 3966 463 per fuit, & per conſequens nec à cœle

227 5275 1995 408 ſti patre ſuo abfuit.

871 5597 2600 369 Niſi quod prius etiam deſcendit.

534 5871 3628 424 Paulus idem heîc ſignificare uult,

243 6201 3942 463 quod Chriſtus iple loannis decimoſe,

243 6578 3989 408 xto ubi inquit: Exiui à patre & ueni in

251 6915 3966 393 mundum. lterum relinquo mundum,

267 7237 3973 416 & uado ad patrem. Sed dices: Quomo

267 7543 4028 518 do Chriſtus à patre exiuit, quum ipſe

3392 7928 888 322 Ioannis

2513 7928 683 369 H 5
