6000 9420
1798 737 322 464 116

2222 800 3346 346 COMMENT. IN EPIST.

1790 1146 4029 384 ria dona donauit. Hoc loci common¬

1806 1460 4044 447 ſtrabis Chriſtum multò efficatius in pi

1821 1774 4014 439 orum cordibus ſe exeruiſſe poſt aſcen¬

1821 2103 4029 463 ſionem ſuam, quàm ante. Siquidẽ A¬

1837 2457 3998 463 poſtoli, &quotquot illi conuixerũt, car

1837 2802 4021 447 nali quodam affectu erga illum tange¬

1845 3116 4029 463 bantur: & ab eius corporali præſentia

1853 3461 4013 424 totipendebant. Poſt aſcenſionem ue¬

1853 3775 4029 479 rò, & acceptum paracletum longè ma

1876 4136 4006 456 gis ad cœleſtia aſpirabant, &terrena o¬

1869 4466 4021 424 mnia contẽnebant. Atq; hoc eſt, quod

1884 4804 4013 439 Chriſtus loãnis decimoſexto ait: Expe

1884 5126 4013 447 dit uobis ut abeam: Niſi em abiero cõ¬

1884 5455 4013 463 ſolator ille nõ ueniet aduos. Vnde pa¬

1908 5832 4005 432 tet, eos toto cœlo errare, qui corpora¬

1900 6130 4021 456 lem Chriſti preſentiam in pane ſacra¬

1900 6476 4029 455 mentali confingũt, corporaliq́; eſui id

1908 6798 4021 463 tribuunt quod eſt ſolius fidei & diuini

1908 7167 958 471 ſpiritus.

2575 7465 1979 432 Cæterum illud aſcendit.

2238 7763 3691 510 Poſteaquam Paulus ſententiam ſu¬

5544 8226 401 306 am
