6000 9420
832 761 2835 290 PAVLI AD EPHES.

4060 792 251 283 21

369 1122 3934 416 cis, ſpiritus ſancti proprium officiũ eſt,

369 1452 2301 384 quod modo recenſui.

895 1774 2725 361 Qui eſt arrabo hereditatis noſtræ.

643 2088 3660 392 Id eſt, certiſſimum teſtimonium.

361 2409 3966 417 Metaphora à cõtractibus ſumpta, qui

345 2786 3974 377 tum demum rati habentur, quum arra

345 3092 3958 393 bo datus fuerit, id quod in ædiũ diſtra

353 3446 3942 369 ctione, & in ſponſalibus maximè fieri

337 3768 3943 376 ſolet. Diuẽdita nanq; domo, arra, ger¬

345 4113 3950 385 manicè ein gotzpfennig, datur, facto

345 4450 3942 377 autem cõnubio, ſponſus anulum ſpon

337 4772 3950 385 ſæ ſuæ dat. Ad eum quoq; modum, a¬

337 5102 3958 393 nimas noſtras Chriſto deſponſari, hoc

337 5463 3958 353 loci commonefacies, idq́; fieri, quoties

345 5761 3911 416 illę Chriſto ſponſo fidẽtes, per ſpiritũ,

345 6138 3675 369 tanquam arrabonem certificantur.

856 6452 3439 377 In redemptionem ad quiſitæ poſſeſſionts & c.

651 6735 3644 416 Quaſi diceret obſignati eſtis, & ad¬

337 7112 3958 369 optati in certam, & iam ad quiſitam re¬

337 7426 3950 431 demptionem per Chriſtũ leſum. Qui¬

337 7763 3950 487 cunq; enim illo fidit (ut ipſe in Euange¬

2623 8124 164 361 B

3950 8132 345 298 li9

3306 8124 141 463 3
