6000 9420
1641 408 353 369 114

2246 832 2418 361 Captiuam duxit captiuitatem.

1979 1146 3675 431 Per figuram enallagen, ſeuhetero¬

1649 1475 4013 448 ſin, Dauid rẽ pro perſona accepit. Per

1657 1813 4005 447 captiuitatem enim nihil aliud ſignifica

1649 2182 3997 416 re uoluit, quàm peccatores captiuos.

1641 2488 4021 440 Siquidem ante Chriſti redemptionem

1633 2833 4045 424 omnes homines diaboli, peccati, &ęter

1664 3179 4014 400 nę mortis mancipia erãt. Obſerua aũt

1664 3477 3998 455 quàm pulchrè Propheta ad triumphã¬

1664 3830 4006 393 tium morem alludat: Quemadmodũ

1657 4160 4005 440 enim illi captiuos, & predam hoſti ere¬

1672 4498 4006 431 ptam ante currum triumphalem duce

1649 4804 4013 424 bant: ſic & Chriſtus Adam, Euã, Enoch,

1649 5165 4013 432 Noẽ, Abrahamum, & reliquos capti¬

1664 5495 4014 416 uos in limbo patrum conſtitutos, & in

1664 5832 3998 471 ipſum credentes, tanquam opima ſpo¬

1649 6154 4029 455 lia, & manubias deo patri ſuo obtulit:

1672 6499 4021 440 dum triumphãs cœlum aſcendit. Heîc

1680 6853 4021 416 per occaſionẽ docebis, eos duntaxat à

1672 7198 4021 416 diaboli, peccati, & ęternę mortis tyran

1664 7520 4037 447 nide liberari, qui non aliunde iuſticiam

2159 494 3354 314 COMMENT. IN EPIST.

4774 7920 951 369 quęrunt
