6000 9420
1602 431 369 408 112

2089 541 3337 298 COMMENT. IN EPIST.

1602 863 3958 424 Deinde quæ cauſa colendi multos de

1617 1216 3966 408 os Gentibus olim fuerit, eandẽ quoq;

1602 1562 3997 392 nobis multos diuos, & patronos colen

1617 1868 3982 416 tibus fuiſſe. De quouide eundem La¬

1625 2221 3958 408 ctantium libro ſecundo, & Zuing¬

1649 2566 3455 393 lium noſtrũ in præcitato libello.

2316 2983 1995 337 Verum unicuiq; nostrum.

1916 3210 3699 440 Per anthypophoram tacitæ quæſti

1672 3556 3943 431 oni reſpondet. Quum enim Epheſio¬

1664 3870 3943 471 rũ aliquis quęſijſlet: Si deus (ut tu Pau¬

1664 4223 3966 424 le) aſſeris in omnibus nobis eſt, quî fit

1680 4600 3935 408 igitur quod dona illius tam imparia in

1672 4921 3951 409 nobis ſint, cur nõ potius æque magna

1672 5267 3951 377 in omneis cõfert, ità ut nullus cauſam

1680 5565 3943 440 ſe extollẽdi ſupra proximum habeat:

1680 5942 3950 392 Reſpondet itaq; Paulus, imò unicuiq;

1680 6256 3966 408 noſtrum data eſt gratia ſecundum mẽ

1680 6546 3974 456 ſurã donationis Chriſti:ideoq́; nemini

1680 6900 3966 447 quantumuis excellenti dono prædito

1688 7261 3942 408 licet ſe alijs anteponere. Si enim gra¬

1696 7598 3958 416 tuitum Chriſti donum eſt, non poteſt

4586 8022 1052 330 tanquam
