6000 9420
1664 471 322 525 118

2096 620 3393 384 COMMENT. IN EPIST.

1688 973 4037 408 Ioan. tertio dicat: Nemo aſcendit in

1680 1318 4029 409 cœlum, niſi qui deſcendit, nempe filius

1680 1656 4045 408 hominis, qui eſtin cœlo. Si enim patrẽ

1664 1993 4045 409 nunquam deſeruit, quo pacto ab illo

1672 2307 4045 424 abijt: Reſpondeo, primum à Paulo hęc

1680 2653 4029 408 ethologicè iuxta eorum conſuetudinẽ

1680 2983 4013 439 dici, qui aliquò miſſi ab hero, ſeu magi

1664 3320 4037 416 ſtratu ſuo, legatiõe functa, & rebus be¬

1664 3658 4014 408 ne geſtis, redeunt. Deinde eum per al¬

1664 3995 4021 361 lœoſim, hoc eſt commutationem natu

1664 4325 4014 416 rarum, dicere Chriſtũ de cœlo deſcen

1664 4647 4014 416 diſſe. Non enim niſi ſecundum naturã

1664 4953 4006 432 diuinã deſcendit. Sic & Chriſtus dum

1649 5322 3997 424 dicit, filium hominis in cœlo fuiſſe, per

1664 5675 3998 408 allœoſim humanitati attribuit, quod

1664 6020 4006 393 diuinitatis eſt. Paulus itaq́; per deſcen¬

1664 6334 4014 432 ſionem nihil aliud intelligit, quã quod

1672 6664 3982 424 Chriſti diuinitas humanitate aſſumpta

1664 7025 3982 369 & mortẽ in eâdem obita, nos redeme¬

1657 7355 3989 392 rit. Neq; enim illa ſpacio, aut motu ul¬

1649 7661 3997 440 lo ſic à patre diſceſſit, quin ſemper tan¬

1649 8046 4029 439 quam indiuidua comes ei adhęreret.
