6000 9420
871 525 2710 307 PAVLI AD EPHES.

4091 573 299 290 113

369 863 4028 377 Ianquam de ſuo gloriari: ſed ſi benefa¬

329 1201 4061 376 ctori gratus eſſe, ut debet, uult, omnem

314 1530 4060 393 ſcientię gloriam authori Chriſto acce¬

329 1868 4037 400 ptam fert. Econtra, qui paruo dono do

314 2213 4044 369 natus, &indoctior eſt: potiori dono prę

314 2543 4044 361 ditum, & doctiorem non cõtemnit, ſed

329 2873 4029 376 Chriſtum doni autorem in illo uenera

314 3202 4013 424 tur & colit. De quo lege plura in non

298 3556 3982 408 minus doctis, quam pijs Eraſmi para¬

321 3885 1202 393 phraſibus.

958 4191 2788 385 Quapropter dicit cum aſcendißet.

549 4498 3817 423 Ne quis Paulo diffideret, in eo quod

306 4851 4091 408 dixerat, cuiq;pro ſuo donũ modulo eſſe

306 5204 4076 353 collatũ: Pſal. 67. autoritate confirmat.

321 5549 4037 401 Quaſi diceret hoc quod ego iam dixi:

314 5863 4052 409 Propheta Dauid iam olim per ſpiritum

314 6225 4044 337 ſanctum uaticinatus eſt, fore ſcilicet ut

321 6539 4045 384 Chriſtus peracto mortalitatis, & redẽ,

337 6892 4021 384 ptionis humane inſtituto ſuo, cœlos a

314 7229 4013 385 ſcenderet, & eccleſiã ſuam uariis do

321 7536 1516 447 nis excoleret.

2410 7897 330 361 H

3172 7897 1170 431 Captiuam
