6000 9420
871 745 2859 330 PAVLI ADEPHES.

369 1106 3125 354 Sed cum rurſum dicit Paulus.

706 1405 3126 400 Qui deſcẽdit, idẽ ille eſt, qui etiã aſcẽdit.

589 1703 3801 455 Rurſus per allœoſim hæc intelligẽda

376 2064 3982 424 ſunt. Niſi enim tropum adhibeas, neq;

376 2394 3998 439 Pauli, neq; ipſius Chriſti uerba loannis

384 2723 3990 401 decimoſexto cohærebunt. Nam ſecũ¬

392 3061 3990 393 dum diuinitatem de cœlo deſcendit, ſe

392 3399 3990 447 cundum utranq; uerò, ſed potiſſimum

392 3728 3982 432 iuxta humanam, cœlos aſcendit. Ete¬

392 4058 3982 432 nim hęc ueluti hoſpes illuc uenit: quũ

392 4419 3974 424 illa, licet ſemper ubiq; exiſtens, in pro¬

408 4733 3950 448 priã ſuam ſedem reuerſa ſit. Heîc per

392 5071 3998 431 occaſionem fidei articulum noſtræ de

408 5400 3966 440 Chriſti aſcenſione tractabis, & obiter

392 5754 4005 423 docebis, eos qui Chriſti carnem in pa¬

384 6075 4006 432 nem, & ſanguinem in uinum ſymboli¬

392 6444 3982 409 cum includunt, putantes dentibus cor

408 6774 3974 424 poris, Chriſti corpus edi, & non potius

392 7088 3974 393 fide ſur ſum erectis cordibus ubi Chri¬

408 7426 3950 424 ſtus ad dexteram dei ſedet: aut turpiter

408 7802 3966 416 articulum religionis noſtræ ignorare,

4052 722 330 329 119

2732 8171 338 338 H

3942 8195 471 330 aut

3486 8179 134 361 4
