1505 2180
123.0 194.0 867.0 82.0 ILLVSTRISSIMOET PO¬

158.0 254.0 785.0 114.0 TENTISSIMO PRINCIPI

201.0 348.0 686.0 71.0 ac domino D. Gulielmo Principi

234.0 397.0 647.0 80.0 Auraico Comiti Naſſæuæo &c.

241.0 455.0 629.0 82.0 Chriſti gloriæ aſſertori in Hol¬

301.0 514.0 491.0 78.0 landia & Zelandia for¬

350.0 570.0 362.0 69.0 tiſsimo, Gratiam

388.0 628.0 313.0 78.0 & pacem à Do¬

499 693 117 66 mino.

370.0 808.0 604.0 71.0 Etus eſt illud, Princeps Illu¬

370.0 866.0 606.0 71.0 ſtriſsime, etiam ab Ariſtotele

370.0 981.0 607.0 69.0 rerum vniuerſitate pulchrius

119.0 1048.0 858.0 65.0 ordine. Quid enim vel oculis iucũdũ, vel

112.0 1149.0 864.0 82.0 tum obuerſari poteſt, quod ſit confuſum,

107.0 1209.0 865.0 69.0 & nulla partium apta ſeparatione diſtin¬

105.0 1266.0 869.0 71.0 ctum? Certè quocunque nõ tantum ocu¬

103.0 1327.0 869.0 71.0 Ios, ſed omnes animiſenſus cõuerterimus,

107.0 1386.0 865.0 69.0 ſi quæ in eos incurrunt, neque ordine di¬

110.0 1436.0 855.0 79.0 geſta, neque apto ſiru inter ſe coherẽtia,

107.0 1504.0 863.0 63.0 neque conuenienti loco & modo collo¬

107.0 1551.0 861.0 74.0 cata à nobis apparebũt: ea neque vtilita¬

103.0 1615.0 869.0 67.0 tem, neque venuſtatem aliquam habere

105.0 1667.0 863.0 75.0 ſtatim pronuntiabimus, tantumque ab il¬

105.0 1729.0 865.0 74.0 lis oculorum, animique intuitum auer¬

703.0 1789.0 118.0 80.0 3 ij.

374 926 605 71 vſurpatum, Nihil eſſe in ipſa

109 1099 867 72 menti etiam ipſi & animo hominis gra¬
