1128 1876
297 118 718 60 IN EPISTOLAM AD EPHESIOS

247 171 819 77 perſequeretur, uocatum diuinitus ut Christuminter gen

244 229 822 68 tes annunciaret, idq̃ ilico feciße, nemine mortalium con¬

245 273 820 80 ſulto, efficacem autemin ſe erga gentes Dominumfuiße,

242 328 779 69 non minus, quàmerga Iudeos efficax fuerit in Petro.

295 379 773 66 Myſterium autem & arcanum Chriſti, quod reuela¬

242 420 824 81 tuiſibi Paulus hic memorat, quod & ſupra expoſuit, eſt,

242 479 826 71 Christum eße caput & principem ſanctorum, per cuius

240 529 825 65 fanguinem, redemptioncmhabemus, quotquot ad uitam

239 572 827 73 clecti ſumus, ſiue ex gentihus, ſiue ex Iudeis, per ipſum

237 620 829 78 enim perficienda ſunt omnia. Quod nſterion antea ab

236 673 830 74 ſcanditum, à morte Christi reuelarioportuit, & genti¬

234 726 828 69 bus quo annunciari, quæ iam æque, ac Iudei Chriſto,

234 778 831 70 imo ludeis copioſius adducendi crant. Morte nam ſua

236 823 829 72 CHRISTVS, quodinterſtitium, inter gen¬

234 880 832 61 tes & Iudeos erat, tamobignorantiamD E I, qua

231 922 835 75 laborabant gentes, quã ob fidutiam cerimoniarum, qua

231 970 834 74 tumcbant Iudæi, ſubmouit-Vnumq; ſibi corpus, in quod

233 1023 830 74 ipſe caput, cæleſtes opes cumulatißime effunderet, utrun

233 1080 829 65 que populum compegit, qui ſuo actus ſpiritu, continuo

233 1125 830 77 peccatis magis ac magis purgatur, & pietate plenius

233 1172 164 59 imbuitur.

283 1225 780 71 Sed quorſum commemorat ista hic Paulus? Vt ſane

237 1283 4 53 ¬

237 1335 4 53 ¬

237 1383 4 55 ¬

237 1430 3 53 ¬

242 1482 818 79 digneq eſtimate quàm benigne uobiſcum Deus cgerit,

1007 1535 64 81 qui

67 1206 159 86 Quia per

59 1277 167 53 hæc Pau¬

61 1321 165 60 lus uolue¬

62 1375 164 55 rit Ephe¬

64 1424 151 68 fis ſua¬

65 1480 110 58 dere.
