1128 1876
104 93 684 85 M. BVCERI COMMENTARIVS.

827 104 45 67 91

48 178 818 70 & ſanctam iucunditatemadferant. Cum illamita nihil

883 187 155 72 Dilectione

48 220 812 66 æque in nobis queat accendere, at probe expendiſſe

883 245 135 61 nos filios

48 268 817 72 quanta nos Deus dilectione præuenit, hanc ut ſuperior

48 337 4 61 ſectuuncula cœpit, conſiderandam latius proponit. Me¬

883 353 113 65 ramus-

48 367 818 75 morat nos filios D E Ifactos, quo quid poiuiſſet no¬

48 417 824 73 bis contingere diuinius, contigit id autemex mera & li¬

48 472 824 62 bera Dei beneuolentia, debet ergo hoc mouere nos, ut pa

48 515 824 79 trem ſummo studio referamus, ut quemadmodumipſe bo

50 565 827 72 nitatem ſuã effuſißime & gratuito exhibet omnibus, ita

50 617 827 67 & nos beneficiin quoſlibet ſimus, nihil aliud ſpectantes,

51 670 826 71 quàm quia ita patri noſtro gratũ est, & cedit in rem pro

53 722 618 61 ximorum De qua imitatione & Matths¬

103 764 782 75 Adiſcituero & exemplum Chriſti, quonemo poteſt

59 816 826 68 maiorem dilectionemexhibere, animam enimſuampro

59 866 824 76 nobis poſuit peccatoribus & ingratis. Vt ucrohancin¬

59 920 828 72 comparabilem beneficentiam amplius commendaret, fru

59 970 826 66 ctum ſimulhuius beneficij exponit. Quod enimſemet¬

59 1014 828 78 ipſum tradidit pro nobis, hoſtia & ſacrificiumfuit, quo

59 1066 828 75 ut unice pater oblectatus fuit, ita omnianobis, cius gra¬

59 1114 829 78 tia, peccata cõdonauit De quo ſupra quedã capa1 Secta¬

112 1163 778 76 Cæterũ ſolet ſcriptura, quæ uult ſacrificia grata fuiße

67 1216 823 76 Deo ſignificare, dicere ea odorem ſuauem dediſſe Deo¬

67 1266 827 76 Sic Noach ſacrificium, gratum ſuauem nidorem dediſſe

67 1316 829 69 Dominoſcribitur:. Moſcheh s: lam ex pſal-co- & alijs

67 1363 831 72 multis prophetarũ testimonijs facile liquet, quàmparui

67 1414 837 75 æſtimarit ſemp Deus, nidorẽ aduſtæ carnis, ſed ca demli

67 1464 837 86 ſacrificia grata habuerit, in quibus animi deuotionẽ &

635 1525 272 63 M 3 pietatem
