1128 1876
93 92 695 86 M. BVCERI COMMENTARIVS.

824 104 50 67 91

42 178 824 70 & ſanctam iucunditatemadferant. Cum illamita nihil

43 220 819 66 æque in nobis queat accendere, at probe expendiſſe

45 268 821 68 quanta nos Deus dilectione præuenit, hanc ut ſuperior

48 315 818 83 ſectuuncula cœpit, conſiderandam latius proponit. Me¬

45 367 821 75 morat nos filios D E Ifactos, quo quid poiuiſſet no¬

45 417 834 73 bis contingere diuinius, contigit id autemex mera & li¬

48 472 832 67 bera Dei beneuolentia, debet ergo hoc mouere nos, ut pa

45 515 834 80 trem ſummo studio referamus, ut quemadmodumipſe bo

48 569 832 71 nitatem ſuã effuſißime & gratuito exhibet omnibus, ita

51 617 828 67 & nos beneficiin quoſlibet ſimus, nihil aliud ſpectantes,

53 675 830 66 quàm quia ita patri noſtro gratũ est, & cedit in rem pro

53 722 618 61 ximorum De qua imitatione & Matths¬

103 764 782 75 Adiſcituero & exemplum Chriſti, quonemo poteſt

54 816 833 70 maiorem dilectionemexhibere, animam enimſuampro

56 867 829 75 nobis poſuit peccatoribus & ingratis. Vt ucrohancin¬

56 916 832 76 comparabilem beneficentiam amplius commendaret, fru

57 966 830 70 ctum ſimulhuius beneficij exponit. Quod enimſemet¬

59 1013 829 79 ipſum tradidit pro nobis, hoſtia & ſacrificiumfuit, quo

57 1066 831 75 ut unice pater oblectatus fuit, ita omnianobis, cius gra¬

59 1114 831 72 tia, peccata cõdonauit De quo ſupra quedã capa1 Secta¬

112 1163 778 76 Cæterũ ſolet ſcriptura, quæ uult ſacrificia grata fuiße

62 1216 829 75 Deo ſignificare, dicere ea odorem ſuauem dediſſe Deo¬

64 1266 832 75 Sic Noach ſacrificium, gratum ſuauem nidorem dediſſe

64 1317 834 74 Dominoſcribitur:. Moſcheh s: lam ex pſal-co- & alijs

65 1363 834 72 multis prophetarũ testimonijs facile liquet, quàmparui

65 1414 840 75 æſtimarit ſemp Deus, nidorẽ aduſtæ carnis, ſed ca demli

65 1466 840 84 ſacrificia grata habuerit, in quibus animi deuotionẽ &

628 1519 291 69 M 3 pietatem

883 187 155 72 Dilectione

883 245 135 61 nos filios

883 301 138 57 Dei decla

880 351 116 63 ramus-
