1128 1876
98 92 693 94 M. BVCERI COMMENTARIVS.

833 114 55 54 96

51 161 840 75 ipſis, uiuat in nobisucrbi D E Imcditatio, utuelex

54 218 837 79 parte, nomini & uocationi noſtræ reſpondeamus, electi

53 276 421 64 & uocati, ut filij Dei ſimus.

54 322 798 86 Et ne inebriemini uino, quod uitam

176 393 621 72 reddit intemperantiorem.

106 462 787 75 Adidem & hæc monitio facit Si nam ad Dciuolun¬

56 517 840 67 tatem nobis uiuendum, neg id poßumus, niſi quàmcircũ

62 565 836 77 ſpectiß uixerimus, occaſioni benc agendi nunquam non

59 619 840 68 incumbentes, certe corda nequaquam grauanda ſunt cra

61 669 835 70 pula & ebrictate, ut & Chriſtus monuit, uini, largior

59 719 839 64 uſus, qui planc intempcrantemuitã reddit, et benc agendi

56 769 840 65 occaſionis incurioſũ pror ſus abeſſe debet-Tũ opus fuerit,

59 820 835 61 ut uerbi Dei admonitio adſit frequentißima-Hortatur igi

62 867 834 64 tur Apoſtolus, ne uino inebriemur, ſed magis repleamur

64 914 835 75 ſiritu, hoc eſt, feruore quodã animi Deiſtudioſi, ut ſicut

61 975 840 59 cbrijuino, fabulis & cantionibus nugatioribus oblectan

64 1023 838 63 tur, nos ſermones ſcramus, de pietate, decantantes Domi

61 1070 837 66 no, non tam uoce, quàmcorde, Pſalmos & alios hymnos,

64 1117 834 71 Deilaudes continentes, alijsq de rebus ad pictatem faci¬

62 1167 836 63 entibus, ſanctas, & ſpirituales cantilenas, gratias agen¬

64 1219 834 66 tes proomnibus, per dominũ nostrũ Ieſum Christũ, per

65 1270 833 68 quem mediatorẽ, bona uniuer ſa percipimus, deo et patri

65 1317 833 63 noſtro, bonorũ omniũ authori Siquidem ſolet in Pſalmis,

65 1366 833 73 & alijs ſanctis cantionibus, præcipuĩid eſſc, quod dci be

64 1419 834 61 neficiarccenſentur, et pro eis celcbrãdo ita ipſius bonita

64 1467 834 80 tẽ, gratie aguntur inde eſt quodait gratias agentes & c¬

736 1519 163 78 Diſcanus

902 389 111 73 Se48.

916 1100 149 78 Fugienda

916 1164 127 58 cbrictas

916 1214 144 55 excitãdis

918 1261 153 66 firuor ſpi

916 1311 122 58 ritus ſer

918 1358 148 66 monib-&

916 1414 149 60 cantionib¬

918 1467 69 71 pijs.
