1128 1876
132 93 692 91 M. BVCERI COMMENTARIVS.

857 90 64 74 101

89 161 837 86 ipſis, tum alijs prædicantes ſicut efficimus, ut Deo apud

90 218 834 75 nos & electos omnes omnia ſeruiant, ita certe hoſtem no

90 268 837 82 ſtrum profligamus, & ſpolia cius diripimus, noſtroq im

95 318 831 83 peratori conſccramus, homines ſcilicet quos ad uolunta¬

93 370 834 80 temſuam ille tencbat captiuos-Hec armatura Dei eſt,

98 420 834 80 quam ſolus ipſe largitur, nos aßumimus cam, dumillam

98 470 836 74 ab ipſooramus, & exciti cius ſpiritu, in fide cottide & di

100 525 638 73 lectione proficere studemus- Vnde ſubijcit¬

154 575 733 101 Omni oratione & deprecatione,

438 655 201 68 orantes.

154 714 780 75 Oratiouera non ſolum eſt, quodlibet pietatis uotum,

107 766 827 76 ſed ſerium animi, uelut cum Deo colloquium, & grauis

107 817 827 78 perpenſioeorũ, quæ gloriæ Dei in nobis deſunt, cũ arder

109 867 835 77 ti ad ipſum ſpiritus deprecatione, ut cain nobis ſarciat,

109 917 839 71 bis ut conſideratio beneficiorum DE Ierga nos ſemper

114 966 840 72 cõiuncta cst, ita & gratiarumactio. Hortatur ergo Pau

117 1023 837 68 lus, ut per omnem orationcm & deprecationem oremus.

118 1063 839 76 Iduero per omnem orationem, uidetur accipiendum, ſi¬

118 1114 839 81 cut ſupra omni ſapientia, & ſimilia, ut ſicut omnemſapi

122 1172 837 72 cntiam eximiam, & omnifariam ſapientiam interpreta¬

123 1214 837 80 mur, omnem orationem accipiamus pro oratione arden¬

126 1264 833 83 fi & aßidua Nam iubet orare omni tempore & ſpiritu¬

128 1319 829 70 Tempus autem hic nvargóg eſt, id est, tẽpus oportunum¬

132 1369 825 67 Vult enim quandocun omnino liceat, orationes habeant

131 1417 826 75 & deprecationes, quibus ſcilicet armaturam, de qua di¬

129 1477 456 78 xit, ſibi à Domino comparent.

743 1533 17 60 4

844 1511 124 75 Addit,

941 578 115 109 se4¬

954 759 148 88 Ouid ora

955 830 50 59 lio

971 1352 74 72 Onn

969 1419 87 64 pore.

664 1522 27 71 O
