1128 1876
82 112 706 67 M. BVCERI COMMENTARIVS.

827 132 44 43 37

89 181 787 72 Porroſpes & fidutia in Chriſtum collocata, ea demũ

37 234 840 66 eſt, qua nos d-electioncm ſentimus, & bonitatis eius crga

40 290 836 55 nos gustum aliquem percipimus. Hac enim certiſumus,

39 336 840 61 nos olimommibus malis liberandos, & bonis uniuerſis cu

39 386 840 61 mulandos. Hac fidutia uiuunt bic iuſti, quæ in nobis ſimul

40 436 832 61 atq per ſprritum ſanctum, ipſum ſaluatorem noſtrũ eſſe,

40 486 836 68 perſuaſi ſumus, gignitur. Vnde Paulus ſubiungit, in quẽ

40 537 837 68 & ueſtram cellocaſtis, poſtquam ſcrmonemuerũ, Euan

42 586 835 64 gelion ſalutis ueſtræ, audiuiſtis. Vtiq; non auribus carnis

40 636 837 67 tantum, ſed & mentis illuſtratæ ſpiritu Dei.-Vnde agno¬

42 692 838 59 ſcentes uerum Euangelij ſermonem, non potuerunt non

43 736 839 59 omnemin Dominum ſpem collocare, quem Euangelion

43 794 837 62 ſaluator em ſuorum tam magnifice, nec minus certo præ¬

39 836 101 66 dicat¬

890 866 159 76 Qui publi

92 881 785 66 Hinc uideas, quam malo ſpiritu agantur, qui publicĩ

890 931 159 60 cum uerbi

40 939 837 64 cxtcrnæ prædicationis Euangclij uſum cupiunt ſubmo¬

890 981 161 61 uſum uo¬

40 980 837 68 tum Epheſij ea audita, credidcrunt in Chriſtum, ita fere

890 1030 158 59 lũt ſubuer

42 1033 835 66 ad illum perducũtur clectiuniucrſi, quamlibet incremen

890 1083 158 61 terc, malo

43 1083 834 72 tum omne ſpiritus Dei ſit Qui igitur recte ſentiunt, præ

890 1128 108 69 ſpiritu

43 1138 834 61 dicatores Euangelij, coopcrarios Deiconfitentur, non

890 1188 100 65 agunt

45 1185 832 67 quidem, qui ſuis uerbis, ceu uehiculo ſpiritum auditori¬

46 1235 839 70 bus adferant, quod quidam ſibi fingunt, ſed quos tamen

48 1286 842 67 Deus, quoarctior inter electos amicitia conſtarct, ſuam

48 1333 840 69 uoluit operam ſimul adhibere, ſine ſuo ſpiritu ineffica¬

48 1383 839 67 cemillam quidem, attamen dum ipſiita uiſumest, & ad

50 1436 840 71 alendam ſanctorum inter dilectioncm facit, nequaquam

51 1488 546 73 ſuperuacancam, aut contemnendam¬

783 1538 102 78 Nota

617 1532 22 71 E

668 1538 31 59 5
